<?xml version="1.0" encoding="UTF-8"?><collection xmlns="http://www.loc.gov/MARC21/slim"><record><leader>00438nam--2200145-i-4500</leader><controlfield tag="001">000043257</controlfield><controlfield tag="002">20161230</controlfield><controlfield tag="005">20161230201043</controlfield><controlfield tag="008">060222s1000------------r-----000-0-eng-d</controlfield><datafield ind1=" " ind2=" " tag="080"><subfield code="a">519.4</subfield></datafield><datafield ind1=" " ind2=" " tag="100"><subfield code="a">Suzuki,Michio</subfield></datafield><datafield ind1=" " ind2=" " tag="245"><subfield code="a">Structure of a group and the structure of its lattice of subgroups</subfield></datafield><datafield ind1=" " ind2=" " tag="260"><subfield code="a">Berlin, Springer-verlag, 1956. 96 P</subfield></datafield><datafield ind1=" " ind2=" " tag="490"><subfield code="a">Ergebnise Der Math.Und Ihrer Grenzgebiete, Reihe:Gruppentheorie</subfield></datafield><datafield ind1=" " ind2=" " tag="852"><subfield code="a">15081</subfield></datafield></record></collection>